[gd_scene load_steps=8 format=2]

[ext_resource path="res://Blocks/GreenBlock.tscn" type="PackedScene" id=1]
[ext_resource path="res://Block.gd" type="Script" id=2]
[ext_resource path="res://Assets/PNG/03-Breakout-Tiles.png" type="Texture" id=3]
[ext_resource path="res://Assets/PNG/04-Breakout-Tiles.png" type="Texture" id=4]
[ext_resource path="res://Blocks/BrownBlock.tscn" type="PackedScene" id=5]
[ext_resource path="res://Assets/PNG/19-Breakout-Tiles.png" type="Texture" id=6]
[ext_resource path="res://Assets/PNG/20-Breakout-Tiles.png" type="Texture" id=7]

[node name="Level2" type="Node"]

editor/display_folded = true

[node name="GreenBlock" type="Area2D" parent="." index="0" instance=ExtResource( 1 )]

position = Vector2( 320, 320 )
input_pickable = true
gravity_vec = Vector2( 0, 1 )
gravity = 98.0
linear_damp = 0.1
angular_damp = 1.0
audio_bus_override = false
audio_bus_name = "Master"
script = ExtResource( 2 )
defaultTexture = ExtResource( 3 )
breakedTexture = ExtResource( 4 )
strength = 1

[node name="GreenBlock4" type="Area2D" parent="." index="1" instance=ExtResource( 1 )]

position = Vector2( 416, 256 )
input_pickable = true
gravity_vec = Vector2( 0, 1 )
gravity = 98.0
linear_damp = 0.1
angular_damp = 1.0
audio_bus_override = false
audio_bus_name = "Master"
script = ExtResource( 2 )
defaultTexture = ExtResource( 3 )
breakedTexture = ExtResource( 4 )
strength = 1

[node name="GreenBlock9" type="Area2D" parent="." index="2" instance=ExtResource( 1 )]

position = Vector2( 320, 192 )
input_pickable = true
gravity_vec = Vector2( 0, 1 )
gravity = 98.0
linear_damp = 0.1
angular_damp = 1.0
audio_bus_override = false
audio_bus_name = "Master"
script = ExtResource( 2 )
defaultTexture = ExtResource( 3 )
breakedTexture = ExtResource( 4 )
strength = 1

[node name="GreenBlock11" type="Area2D" parent="." index="3" instance=ExtResource( 1 )]

position = Vector2( 416, 128 )
input_pickable = true
gravity_vec = Vector2( 0, 1 )
gravity = 98.0
linear_damp = 0.1
angular_damp = 1.0
audio_bus_override = false
audio_bus_name = "Master"
script = ExtResource( 2 )
defaultTexture = ExtResource( 3 )
breakedTexture = ExtResource( 4 )
strength = 1

[node name="GreenBlock2" type="Area2D" parent="." index="4" instance=ExtResource( 1 )]

position = Vector2( 512, 320 )
input_pickable = true
gravity_vec = Vector2( 0, 1 )
gravity = 98.0
linear_damp = 0.1
angular_damp = 1.0
audio_bus_override = false
audio_bus_name = "Master"
script = ExtResource( 2 )
defaultTexture = ExtResource( 3 )
breakedTexture = ExtResource( 4 )
strength = 1

[node name="GreenBlock6" type="Area2D" parent="." index="5" instance=ExtResource( 1 )]

position = Vector2( 608, 256 )
input_pickable = true
gravity_vec = Vector2( 0, 1 )
gravity = 98.0
linear_damp = 0.1
angular_damp = 1.0
audio_bus_override = false
audio_bus_name = "Master"
script = ExtResource( 2 )
defaultTexture = ExtResource( 3 )
breakedTexture = ExtResource( 4 )
strength = 1

[node name="GreenBlock8" type="Area2D" parent="." index="6" instance=ExtResource( 1 )]

position = Vector2( 512, 192 )
input_pickable = true
gravity_vec = Vector2( 0, 1 )
gravity = 98.0
linear_damp = 0.1
angular_damp = 1.0
audio_bus_override = false
audio_bus_name = "Master"
script = ExtResource( 2 )
defaultTexture = ExtResource( 3 )
breakedTexture = ExtResource( 4 )
strength = 1

[node name="GreenBlock10" type="Area2D" parent="." index="7" instance=ExtResource( 1 )]

position = Vector2( 608, 128 )
input_pickable = true
gravity_vec = Vector2( 0, 1 )
gravity = 98.0
linear_damp = 0.1
angular_damp = 1.0
audio_bus_override = false
audio_bus_name = "Master"
script = ExtResource( 2 )
defaultTexture = ExtResource( 3 )
breakedTexture = ExtResource( 4 )
strength = 1

[node name="GreenBlock3" type="Area2D" parent="." index="8" instance=ExtResource( 1 )]

position = Vector2( 704, 320 )
input_pickable = true
gravity_vec = Vector2( 0, 1 )
gravity = 98.0
linear_damp = 0.1
angular_damp = 1.0
audio_bus_override = false
audio_bus_name = "Master"
script = ExtResource( 2 )
defaultTexture = ExtResource( 3 )
breakedTexture = ExtResource( 4 )
strength = 1

[node name="GreenBlock5" type="Area2D" parent="." index="9" instance=ExtResource( 1 )]

position = Vector2( 800, 256 )
input_pickable = true
gravity_vec = Vector2( 0, 1 )
gravity = 98.0
linear_damp = 0.1
angular_damp = 1.0
audio_bus_override = false
audio_bus_name = "Master"
script = ExtResource( 2 )
defaultTexture = ExtResource( 3 )
breakedTexture = ExtResource( 4 )
strength = 1

[node name="GreenBlock7" type="Area2D" parent="." index="10" instance=ExtResource( 1 )]

position = Vector2( 704, 192 )
input_pickable = true
gravity_vec = Vector2( 0, 1 )
gravity = 98.0
linear_damp = 0.1
angular_damp = 1.0
audio_bus_override = false
audio_bus_name = "Master"
script = ExtResource( 2 )
defaultTexture = ExtResource( 3 )
breakedTexture = ExtResource( 4 )
strength = 1

[node name="GreenBlock12" type="Area2D" parent="." index="11" instance=ExtResource( 1 )]

position = Vector2( 800, 128 )
input_pickable = true
gravity_vec = Vector2( 0, 1 )
gravity = 98.0
linear_damp = 0.1
angular_damp = 1.0
audio_bus_override = false
audio_bus_name = "Master"
script = ExtResource( 2 )
defaultTexture = ExtResource( 3 )
breakedTexture = ExtResource( 4 )
strength = 1

[node name="BrownBlock" type="Area2D" parent="." index="12" instance=ExtResource( 5 )]

position = Vector2( 224, 320 )
input_pickable = true
gravity_vec = Vector2( 0, 1 )
gravity = 98.0
linear_damp = 0.1
angular_damp = 1.0
audio_bus_override = false
audio_bus_name = "Master"
script = ExtResource( 2 )
defaultTexture = ExtResource( 6 )
breakedTexture = ExtResource( 7 )
strength = 1

[node name="BrownBlock4" type="Area2D" parent="." index="13" instance=ExtResource( 5 )]

position = Vector2( 320, 256 )
input_pickable = true
gravity_vec = Vector2( 0, 1 )
gravity = 98.0
linear_damp = 0.1
angular_damp = 1.0
audio_bus_override = false
audio_bus_name = "Master"
script = ExtResource( 2 )
defaultTexture = ExtResource( 6 )
breakedTexture = ExtResource( 7 )
strength = 1

[node name="BrownBlock8" type="Area2D" parent="." index="14" instance=ExtResource( 5 )]

position = Vector2( 224, 192 )
input_pickable = true
gravity_vec = Vector2( 0, 1 )
gravity = 98.0
linear_damp = 0.1
angular_damp = 1.0
audio_bus_override = false
audio_bus_name = "Master"
script = ExtResource( 2 )
defaultTexture = ExtResource( 6 )
breakedTexture = ExtResource( 7 )
strength = 1

[node name="BrownBlock11" type="Area2D" parent="." index="15" instance=ExtResource( 5 )]

position = Vector2( 320, 128 )
input_pickable = true
gravity_vec = Vector2( 0, 1 )
gravity = 98.0
linear_damp = 0.1
angular_damp = 1.0
audio_bus_override = false
audio_bus_name = "Master"
script = ExtResource( 2 )
defaultTexture = ExtResource( 6 )
breakedTexture = ExtResource( 7 )
strength = 1

[node name="BrownBlock2" type="Area2D" parent="." index="16" instance=ExtResource( 5 )]

position = Vector2( 416, 320 )
input_pickable = true
gravity_vec = Vector2( 0, 1 )
gravity = 98.0
linear_damp = 0.1
angular_damp = 1.0
audio_bus_override = false
audio_bus_name = "Master"
script = ExtResource( 2 )
defaultTexture = ExtResource( 6 )
breakedTexture = ExtResource( 7 )
strength = 1

[node name="BrownBlock5" type="Area2D" parent="." index="17" instance=ExtResource( 5 )]

position = Vector2( 512, 256 )
input_pickable = true
gravity_vec = Vector2( 0, 1 )
gravity = 98.0
linear_damp = 0.1
angular_damp = 1.0
audio_bus_override = false
audio_bus_name = "Master"
script = ExtResource( 2 )
defaultTexture = ExtResource( 6 )
breakedTexture = ExtResource( 7 )
strength = 1

[node name="BrownBlock7" type="Area2D" parent="." index="18" instance=ExtResource( 5 )]

position = Vector2( 416, 192 )
input_pickable = true
gravity_vec = Vector2( 0, 1 )
gravity = 98.0
linear_damp = 0.1
angular_damp = 1.0
audio_bus_override = false
audio_bus_name = "Master"
script = ExtResource( 2 )
defaultTexture = ExtResource( 6 )
breakedTexture = ExtResource( 7 )
strength = 1

[node name="BrownBlock10" type="Area2D" parent="." index="19" instance=ExtResource( 5 )]

position = Vector2( 512, 128 )
input_pickable = true
gravity_vec = Vector2( 0, 1 )
gravity = 98.0
linear_damp = 0.1
angular_damp = 1.0
audio_bus_override = false
audio_bus_name = "Master"
script = ExtResource( 2 )
defaultTexture = ExtResource( 6 )
breakedTexture = ExtResource( 7 )
strength = 1

[node name="BrownBlock3" type="Area2D" parent="." index="20" instance=ExtResource( 5 )]

position = Vector2( 608, 320 )
input_pickable = true
gravity_vec = Vector2( 0, 1 )
gravity = 98.0
linear_damp = 0.1
angular_damp = 1.0
audio_bus_override = false
audio_bus_name = "Master"
script = ExtResource( 2 )
defaultTexture = ExtResource( 6 )
breakedTexture = ExtResource( 7 )
strength = 1

[node name="BrownBlock6" type="Area2D" parent="." index="21" instance=ExtResource( 5 )]

position = Vector2( 704, 256 )
input_pickable = true
gravity_vec = Vector2( 0, 1 )
gravity = 98.0
linear_damp = 0.1
angular_damp = 1.0
audio_bus_override = false
audio_bus_name = "Master"
script = ExtResource( 2 )
defaultTexture = ExtResource( 6 )
breakedTexture = ExtResource( 7 )
strength = 1

[node name="BrownBlock9" type="Area2D" parent="." index="22" instance=ExtResource( 5 )]

position = Vector2( 608, 192 )
input_pickable = true
gravity_vec = Vector2( 0, 1 )
gravity = 98.0
linear_damp = 0.1
angular_damp = 1.0
audio_bus_override = false
audio_bus_name = "Master"
script = ExtResource( 2 )
defaultTexture = ExtResource( 6 )
breakedTexture = ExtResource( 7 )
strength = 1

[node name="BrownBlock12" type="Area2D" parent="." index="23" instance=ExtResource( 5 )]

position = Vector2( 704, 128 )
input_pickable = true
gravity_vec = Vector2( 0, 1 )
gravity = 98.0
linear_damp = 0.1
angular_damp = 1.0
audio_bus_override = false
audio_bus_name = "Master"
script = ExtResource( 2 )
defaultTexture = ExtResource( 6 )
breakedTexture = ExtResource( 7 )
strength = 1


